<?xml version="1.0" encoding="UTF-8"?><collection xmlns="http://www.loc.gov/MARC21/slim"><record><leader>00489nam--2200145-i-4500</leader><controlfield tag="001">000036350</controlfield><controlfield tag="002">20161230</controlfield><controlfield tag="005">20161230201040</controlfield><controlfield tag="008">060222s1000------------r-----000-0-eng-d</controlfield><datafield ind1=" " ind2=" " tag="080"><subfield code="a">621.3</subfield></datafield><datafield ind1=" " ind2=" " tag="100"><subfield code="a">Pirotte, Pol</subfield></datafield><datafield ind1=" " ind2=" " tag="245"><subfield code="a">Effet couronne sur les lignes aeriennes a courant continu pendant et apres la pluie</subfield></datafield><datafield ind1=" " ind2=" " tag="260"><subfield code="a">Bucuresti, Cons.Nat.Al Ing.Si Tehn., 1969, 3p</subfield></datafield><datafield ind1=" " ind2=" " tag="490"><subfield code="a">A Doua Conferinta A Electricientilor. Vii.Sectia Teorie, Materiale Si Masurari Electrice</subfield></datafield><datafield ind1=" " ind2=" " tag="852"><subfield code="a">31688</subfield></datafield></record></collection>